<record><leader>00000cas a22000007a 4500</leader><controlfield tag="001">11714898</controlfield><controlfield tag="008">850220d1862186uvaudr ne      0    0eng d</controlfield><datafield ind1=" " ind2=" " tag="010"><subfield code="a">sn 85054419 </subfield></datafield><datafield ind1=" " ind2=" " tag="040"><subfield code="a">NYG</subfield><subfield code="b">eng</subfield><subfield code="c">NYG</subfield><subfield code="d">NYS</subfield><subfield code="d">NVK</subfield><subfield code="d">OCLCQ</subfield><subfield code="d">OCLCF</subfield><subfield code="d">OCLCO</subfield></datafield><datafield ind1="1" ind2=" " tag="029"><subfield code="a">AU@</subfield><subfield code="b">000020369154</subfield></datafield><datafield ind1=" " ind2=" " tag="042"><subfield code="a">msc</subfield></datafield><datafield ind1=" " ind2=" " tag="043"><subfield code="a">n-us-va</subfield></datafield><datafield ind1="0" ind2="4" tag="245"><subfield code="a">The Alexandria news.</subfield></datafield><datafield ind1=" " ind2=" " tag="260"><subfield code="a">Alexandria, Va. :</subfield><subfield code="b">A.H. Hall</subfield></datafield><datafield ind1=" " ind2=" " tag="300"><subfield code="a">v. ;</subfield><subfield code="c">48 cm.</subfield></datafield><datafield ind1=" " ind2=" " tag="310"><subfield code="a">Daily (except Sunday)</subfield></datafield><datafield ind1="1" ind2=" " tag="362"><subfield code="a">Began in 1862.</subfield></datafield><datafield ind1=" " ind2=" " tag="500"><subfield code="a">Publisher varies: A.H. Hall; Hall &amp; Gaige &lt;Apr. 23, 1862-&gt;.</subfield></datafield><datafield ind1=" " ind2=" " tag="588"><subfield code="a">Description based on: Vol. 1, no. 6 (Apr. 12, 1862).</subfield></datafield><datafield ind1=" " ind2="0" tag="651"><subfield code="a">Alexandria (Va.)</subfield><subfield code="v">Newspapers.</subfield></datafield><datafield ind1=" " ind2="7" tag="655"><subfield code="a">Newspapers.</subfield><subfield code="2">fast</subfield><subfield code="0">(OCoLC)fst01423814</subfield></datafield><datafield ind1=" " ind2="7" tag="651"><subfield code="a">Virginia</subfield><subfield code="z">Alexandria.</subfield><subfield code="2">fast</subfield><subfield code="0">(OCoLC)fst01206236</subfield></datafield><datafield ind1=" " ind2=" " tag="752"><subfield code="a">United States</subfield><subfield code="b">Virginia</subfield><subfield code="d">Alexandria.</subfield></datafield><datafield ind1="0" ind2="0" tag="785"><subfield code="t">Alexandria daily news</subfield><subfield code="w">(DLC)sn 92061552</subfield><subfield code="w">(OCoLC)25698902</subfield></datafield></record>